@misc{ wiki:xxx,
   author = "Wikipédia",
   title = "Decibel --- Wikipédia{,} a enciclopédia livre",
   year = "2022",
   url = "https://pt.wikipedia.org/w/index.php?title=Decibel&oldid=63090539",
   note = "[Online; accessed 25-fevereiro-2022]"
}
@misc{apostila_ifsc,
   author = "Marcos Moecke",
   title = "Unidades de medidas logarítmicas em telecomunicações",
   year = "2006",
   url = "https://wiki.sj.ifsc.edu.br/wiki/images/1/1d/Apostila_de_PRT_2014-1_(Material_Professores_Saul-Moecke).pdf",
   note = "[Online; accessed 14-Maio-2022]"
}

@misc{bel1,
   author = "Roland M. ZURMELY",
   title = "O dB , (decibel) e outras unidades
logarítmicas",
   year = "2006",
   url = "https://www.qsl.net/py4zbz/teoria/odb.htm",
   note = "[Online; accessed 14-Maio-2022]"
}

@misc{embarcados,
   author = "Alessandro Cunha",
   title = "O que é Decibel?",
   year = "2016",
   url = "https://www.embarcados.com.br/o-que-e-decibel/",
   note = "[Online; accessed 17-Maio-2022]"
}
